<record><leader>00000cas a22000007a 4500</leader><controlfield tag="001">18033610</controlfield><controlfield tag="008">880602c19719999mnudn ne      0   a0eng d</controlfield><datafield ind1=" " ind2=" " tag="010"><subfield code="a">sn 88001582 </subfield></datafield><datafield ind1=" " ind2=" " tag="040"><subfield code="a">NSD</subfield><subfield code="b">eng</subfield><subfield code="c">NSD</subfield><subfield code="d">MN#</subfield><subfield code="d">OCLCQ</subfield><subfield code="d">NSD</subfield><subfield code="d">OCLCQ</subfield><subfield code="d">OCLCF</subfield><subfield code="d">OCLCO</subfield></datafield><datafield ind1=" " ind2=" " tag="012"><subfield code="l">1</subfield><subfield code="m">1</subfield></datafield><datafield ind1="1" ind2=" " tag="022"><subfield code="a">0899-1812</subfield><subfield code="l">0899-1812</subfield><subfield code="2">1</subfield></datafield><datafield ind1="1" ind2=" " tag="029"><subfield code="a">AU@</subfield><subfield code="b">000027045873</subfield></datafield><datafield ind1=" " ind2=" " tag="032"><subfield code="a">144840</subfield><subfield code="b">USPS</subfield></datafield><datafield ind1=" " ind2=" " tag="037"><subfield code="b">Forum Communications., 1320 Neilson Ave. S.E., Bemidji, MN 56601</subfield></datafield><datafield ind1=" " ind2=" " tag="042"><subfield code="a">nsdp</subfield></datafield><datafield ind1=" " ind2=" " tag="043"><subfield code="a">n-us-mn</subfield></datafield><datafield ind1="1" ind2="0" tag="050"><subfield code="a">ISSN RECORD</subfield></datafield><datafield ind1=" " ind2=" " tag="052"><subfield code="a">4144</subfield><subfield code="b">B3</subfield></datafield><datafield ind1=" " ind2=" " tag="052"><subfield code="a">4143</subfield><subfield code="b">B3</subfield></datafield><datafield ind1="0" ind2=" " tag="130"><subfield code="a">Pioneer (Bemidji, Minn. : 1971)</subfield></datafield><datafield ind1=" " ind2="4" tag="222"><subfield code="a">The Pioneer</subfield><subfield code="b">(Bemidji, Minn.)</subfield></datafield><datafield ind1="1" ind2="4" tag="245"><subfield code="a">The Pioneer.</subfield></datafield><datafield ind1="1" ind2=" " tag="246"><subfield code="i">Vols. for &lt;Apr. 8, 2005-&gt; have title:</subfield><subfield code="a">Bemidji pioneer</subfield></datafield><datafield ind1=" " ind2=" " tag="260"><subfield code="a">Bemidji, Minn. :</subfield><subfield code="b">Pioneer Pub. Co.,</subfield><subfield code="c">1971-</subfield></datafield><datafield ind1=" " ind2=" " tag="300"><subfield code="a">v.</subfield></datafield><datafield ind1=" " ind2=" " tag="310"><subfield code="a">Daily (except Monday),</subfield><subfield code="b">&lt;Apr. 8, 2005-&gt;</subfield></datafield><datafield ind1=" " ind2=" " tag="321"><subfield code="a">Daily (except Saturday),</subfield><subfield code="b">Jan. 3, 1977-</subfield></datafield><datafield ind1=" " ind2=" " tag="321"><subfield code="a">Daily (except Sunday),</subfield><subfield code="b">May 11, 1971-Dec. 31, 1976</subfield></datafield><datafield ind1="0" ind2=" " tag="362"><subfield code="a">Vol. 69, no. 18 (May 11, 1971)-</subfield></datafield><datafield ind1=" " ind2=" " tag="500"><subfield code="a">Sunday issues published as: The Sunday pioneer, Jan. 9, 1977-Dec. 23, 1979.</subfield></datafield><datafield ind1=" " ind2=" " tag="530"><subfield code="a">Available on microfilm from the Minnesota Historical Society.</subfield></datafield><datafield ind1=" " ind2=" " tag="588"><subfield code="a">Latest issue consulted: Apr. 8, 2005 (surrogate).</subfield></datafield><datafield ind1=" " ind2="0" tag="651"><subfield code="a">Bemidji (Minn.)</subfield><subfield code="v">Newspapers.</subfield></datafield><datafield ind1=" " ind2="7" tag="655"><subfield code="a">Newspapers.</subfield><subfield code="2">fast</subfield><subfield code="0">(OCoLC)fst01423814</subfield></datafield><datafield ind1=" " ind2="7" tag="651"><subfield code="a">Minnesota</subfield><subfield code="z">Bemidji.</subfield><subfield code="2">fast</subfield><subfield code="0">(OCoLC)fst01218730</subfield></datafield><datafield ind1=" " ind2=" " tag="752"><subfield code="a">United States</subfield><subfield code="b">Minnesota</subfield><subfield code="c">Beltrami</subfield><subfield code="d">Bemidji.</subfield></datafield><datafield ind1="0" ind2="0" tag="780"><subfield code="t">Bemidji daily pioneer</subfield><subfield code="w">(DLC)sn 86063381</subfield></datafield></record>